<record><leader>00000cas a2200000 a 4500</leader><controlfield tag="001">11239612</controlfield><controlfield tag="008">841008d18931893ksuwr ne      0   a0eng d</controlfield><datafield ind1=" " ind2=" " tag="010"><subfield code="a">sn 84029841 </subfield></datafield><datafield ind1=" " ind2=" " tag="040"><subfield code="a">KSH</subfield><subfield code="b">eng</subfield><subfield code="c">KSH</subfield><subfield code="d">NPT</subfield><subfield code="d">OCL</subfield><subfield code="d">OCLCQ</subfield></datafield><datafield ind1=" " ind2=" " tag="042"><subfield code="a">msc</subfield></datafield><datafield ind1="0" ind2="4" tag="245"><subfield code="a">The Dodge City echo.</subfield></datafield><datafield ind1=" " ind2=" " tag="260"><subfield code="a">Dodge City, Kan. :</subfield><subfield code="b">Grant Pettyjohn,</subfield><subfield code="c">1893-</subfield></datafield><datafield ind1=" " ind2=" " tag="300"><subfield code="a">v. :</subfield><subfield code="b">ill. ;</subfield><subfield code="c">51 cm.</subfield></datafield><datafield ind1=" " ind2=" " tag="310"><subfield code="a">Weekly</subfield></datafield><datafield ind1="0" ind2=" " tag="362"><subfield code="a">Vol. 4, no. 35 (Jan. 19, 1893)-</subfield></datafield><datafield ind1="1" ind2=" " tag="362"><subfield code="a">Ceased with Apr. 29, 1893 issue?</subfield></datafield><datafield ind1=" " ind2=" " tag="752"><subfield code="a">United States</subfield><subfield code="b">Kansas</subfield><subfield code="c">Ford</subfield><subfield code="d">Dodge City.</subfield></datafield><datafield ind1="0" ind2="0" tag="780"><subfield code="t">Bucklin times-ensign</subfield><subfield code="w">(DLC)sn 84029828</subfield></datafield><datafield ind1="0" ind2="7" tag="785"><subfield code="t">Globe-republican</subfield><subfield code="w">(DLC)sn 84029853</subfield></datafield></record>